<record><leader>00000cas a2200000 a 4500</leader><controlfield tag="001">13191011</controlfield><controlfield tag="008">860224d18811903iduwr ne      0    0eng c</controlfield><datafield ind1=" " ind2=" " tag="010"><subfield code="a">sn 86091121 </subfield></datafield><datafield ind1=" " ind2=" " tag="040"><subfield code="a">UNP</subfield><subfield code="b">eng</subfield><subfield code="c">UNP</subfield><subfield code="d">NVB</subfield><subfield code="d">CNK</subfield><subfield code="d">OCLCQ</subfield><subfield code="d">CUI</subfield><subfield code="d">OCLCQ</subfield><subfield code="d">OCLCF</subfield></datafield><datafield ind1="1" ind2=" " tag="029"><subfield code="a">AU@</subfield><subfield code="b">000025795751</subfield></datafield><datafield ind1=" " ind2=" " tag="042"><subfield code="a">pcc</subfield></datafield><datafield ind1=" " ind2=" " tag="043"><subfield code="a">n-us-id</subfield></datafield><datafield ind1=" " ind2="4" tag="050"><subfield code="a">AN2.I2</subfield><subfield code="b">M67</subfield></datafield><datafield ind1="0" ind2="0" tag="245"><subfield code="a">Moscow mirror.</subfield></datafield><datafield ind1=" " ind2=" " tag="260"><subfield code="a">Moscow, Idaho :</subfield><subfield code="b">C.B. Reynolds</subfield></datafield><datafield ind1=" " ind2=" " tag="300"><subfield code="a">v. :</subfield><subfield code="b">ill.</subfield></datafield><datafield ind1=" " ind2=" " tag="310"><subfield code="a">Weekly</subfield></datafield><datafield ind1="1" ind2=" " tag="362"><subfield code="a">Began with July 4, 1881 issue; ceased in 1903.</subfield></datafield><datafield ind1=" " ind2=" " tag="588"><subfield code="a">Description based on: Vol. 4, no. 1 (July 3, 1885).</subfield></datafield><datafield ind1=" " ind2="0" tag="651"><subfield code="a">Moscow (Idaho)</subfield><subfield code="v">Newspapers.</subfield></datafield><datafield ind1=" " ind2="0" tag="651"><subfield code="a">Latah County (Idaho)</subfield><subfield code="v">Newspapers.</subfield></datafield><datafield ind1=" " ind2="0" tag="651"><subfield code="a">Nez Perce County (Idaho)</subfield><subfield code="v">Newspapers.</subfield></datafield><datafield ind1=" " ind2="7" tag="655"><subfield code="a">Newspapers.</subfield><subfield code="2">fast</subfield><subfield code="0">(OCoLC)fst01423814</subfield></datafield><datafield ind1=" " ind2="7" tag="651"><subfield code="a">Idaho</subfield><subfield code="z">Latah County.</subfield><subfield code="2">fast</subfield><subfield code="0">(OCoLC)fst01215798</subfield></datafield><datafield ind1=" " ind2="7" tag="651"><subfield code="a">Idaho</subfield><subfield code="z">Moscow.</subfield><subfield code="2">fast</subfield><subfield code="0">(OCoLC)fst01230146</subfield></datafield><datafield ind1=" " ind2="7" tag="651"><subfield code="a">Idaho</subfield><subfield code="z">Nez Perce County.</subfield><subfield code="2">fast</subfield><subfield code="0">(OCoLC)fst01217661</subfield></datafield><datafield ind1=" " ind2=" " tag="752"><subfield code="a">United States</subfield><subfield code="b">Idaho</subfield><subfield code="c">Latah</subfield><subfield code="d">Moscow.</subfield></datafield><datafield ind1=" " ind2=" " tag="752"><subfield code="a">United States</subfield><subfield code="b">Idaho</subfield><subfield code="c">Nez Perce</subfield><subfield code="d">Moscow.</subfield></datafield><datafield ind1="0" ind2="8" tag="776"><subfield code="i">Online version:</subfield><subfield code="t">Moscow Mirror (Online)</subfield><subfield code="w">(OCoLC)192107421</subfield></datafield><datafield ind1="0" ind2="0" tag="785"><subfield code="t">Moscow weekly mirror</subfield><subfield code="w">(DLC)sn 89055122</subfield><subfield code="w">(OCoLC)19645987</subfield></datafield></record>